00593cas a22002291a 4500
001 999282573502836
003 Nz
005 20161223152953.0
008 031222d19851986nz  r ne      0   0 eng d
035    $a (NLNZils)928257
035    $a (Nz)8138613
035    $a (NLNZils)928257-ilsdb
035    $a (OCoLC)173421015
040    $a WN $c WN
042    $a nznb
043    $a u-nz---
245 00 $a Eastside story.
260    $a [Hamilton, N.Z. : $b s.n., $c 1985-1986]
310    $a Bimonthly
362 0  $a 1985 Apr.-1986 Dec.
651  0 $a Hamilton (N.Z.) $v Newspapers.
655  7 $a New Zealand newspapers. $2 local $5 Nz
